
@Article{ paper:A,
  author          = {João C. Pombo and Jorge A.C. Ambrósio},
  shortauthor     = {J. Pombo and others},
  title           = {Application of a wheel-rail contact model to railway dynamics in small radius curved tracks},
  publisher       = {Springer Science},
  year            = {2008},
  journaltitle    = {Multibody System Dynamics},
  volume          = {19},
  pages           = {91--114},
}

@Article{ paper:B,
  author          = {Carsten Nordstrøm Jensen and Hans True},
  title           = {Application of a wheel-rail contact model to railway dynamics in small radius curved tracks},
  publisher       = {Kluwer Academic Publishers},
  year            = {1997},
  journaltitle    = {Nonlinear Dynamics},
  volume          = {13},
  pages           = {117--129},
  options         = {skipbib=true},
}

@Manual{ matlab:ode,
  publisher       = {Mathworks},
  year            = {2008},
  title           = {MATLAB manual},
  subtitle        = {Ordinary Differential Equations},
  version         = {7.8},
  url             = {http://www.mathworks.com/access/helpdesk/help/techdoc/ref/ode45.html},
}

@Article{ kzfmodel_hanjalic2004,
  author          = {Kemal Hanjalic and others},
  title           = {A robust near-wall elliptic-relaxation eddy-viscosity turbulence model for CFD},
  publisher       = {Elsevier},
  year            = {2004},
  journaltitle    = {International Journal of Heat and Fluid Flow},
  volume          = {25},
  pages           = {1047--1051},
}

@Book{ numerical_analysis_of_de_aiserles,
  author          = {Arieh Iserles},
  title           = {A First Course in the Numerical Analysis of Differential Equations},
  publisher       = {Cambridge University Press},
  year            = {2004},
  isbn            = {0-521-55655-4},
}
